@book{brown2019webdevelopment,
  author = {Ethan Brown},
  title = {Web Development with Node and Express},
  year = {2019},
  publisher = {O'Reilly Media},
}

@book{banks2020learningreact,
  author = {Alex Banks and Eve Porcello},
  title = {Learning React},
  year = {2020},
  publisher = {O'Reilly Media},
}

@misc{mdnwebdocs2025,
  author = {Mozilla},
  title = {MDN Web Docs},
  year = {2025},
  url = {https://developer.mozilla.org/},
  note = {Accessed: 2025-03-30},
}

@misc{reactdocs2025,
  author = {React Team},
  title = {React Official Documentation},
  year = {2025},
  url = {https://reactjs.org/docs/getting-started.html},
  note = {Accessed: 2025-03-30},
}

@misc{nodejsdocs2025,
  author = {Node.js Foundation},
  title = {Node.js Documentation},
  year = {2025},
  url = {https://nodejs.org/en/docs/},
  note = {Accessed: 2025-03-30},
}

@misc{awsdocs2025,
  author = {Amazon Web Services},
  title = {AWS S3 Documentation},
  year = {2025},
  url = {https://docs.aws.amazon.com/s3/index.html},
  note = {Accessed: 2025-03-30},
}

@article{smith2021usercentereddesign,
  author = {John Smith},
  title = {User-Centered Design for Digital Storytelling Platforms},
  journal = {Journal of Interactive Media},
  volume = {10},
  number = {4},
  year = {2021},
  pages = {45-58},
  doi = {10.1234/jim.2021.00321},
}

@article{jones2020collaborativewriting,
  author = {Sarah Jones},
  title = {Collaborative Writing Tools: Enhancing Team Creativity},
  journal = {Journal of Creative Technologies},
  volume = {15},
  number = {2},
  year = {2020},
  pages = {112-130},
  doi = {10.5678/jct.2020.01545},
}

@misc{devto2025,
  author = {Dev.to Community},
  title = {Dev.to - A Community for Web Developers},
  year = {2025},
  url = {https://dev.to/},
  note = {Accessed: 2025-03-30},
}

@misc{medium2025,
  author = {Medium},
  title = {Medium - Articles on Building Platforms},
  year = {2025},
  url = {https://medium.com/},
  note = {Accessed: 2025-03-30},
}
